<record><leader>00000cas a2200000 a 4500</leader><controlfield tag="001">12220295</controlfield><controlfield tag="008">850701d18451847paudn ne      0    0eng c</controlfield><datafield ind1=" " ind2=" " tag="010"><subfield code="a">sn 85055247 </subfield></datafield><datafield ind1=" " ind2=" " tag="040"><subfield code="a">PLF</subfield><subfield code="b">eng</subfield><subfield code="c">PLF</subfield><subfield code="d">NPH</subfield><subfield code="d">DLC</subfield><subfield code="d">NPX</subfield><subfield code="d">NPH</subfield><subfield code="d">NJW</subfield><subfield code="d">NVF</subfield><subfield code="d">HUL</subfield><subfield code="d">NVF</subfield><subfield code="d">DLC</subfield><subfield code="d">CUI</subfield><subfield code="d">OCLCQ</subfield><subfield code="d">OCLCA</subfield><subfield code="d">OCLCF</subfield><subfield code="d">OCLCO</subfield></datafield><datafield ind1="1" ind2=" " tag="029"><subfield code="a">AU@</subfield><subfield code="b">000023233223</subfield></datafield><datafield ind1=" " ind2=" " tag="042"><subfield code="a">pcc</subfield></datafield><datafield ind1=" " ind2=" " tag="043"><subfield code="a">n-us-pa</subfield></datafield><datafield ind1="0" ind2="0" tag="050"><subfield code="a">Newspaper 10328</subfield></datafield><datafield ind1=" " ind2="4" tag="050"><subfield code="a">AN</subfield></datafield><datafield ind1="0" ind2=" " tag="130"><subfield code="a">North American (Philadelphia, Pa. : 1845)</subfield></datafield><datafield ind1="1" ind2="4" tag="245"><subfield code="a">The North American.</subfield></datafield><datafield ind1=" " ind2=" " tag="260"><subfield code="a">Philadelphia, Pa. :</subfield><subfield code="b">G.R. Graham, A. Cummings,</subfield><subfield code="c">1845-1847.</subfield></datafield><datafield ind1=" " ind2=" " tag="300"><subfield code="a">v.</subfield></datafield><datafield ind1=" " ind2=" " tag="310"><subfield code="a">Daily (except Sunday)</subfield></datafield><datafield ind1="0" ind2=" " tag="362"><subfield code="a">Vol. 7, no. 2043 (Oct. 21, 1845)-v. 9, no. 2568 (June 30, 1847).</subfield></datafield><datafield ind1=" " ind2=" " tag="530"><subfield code="a">Also issued on microfilm from Library of Congress, Photoduplication Service.</subfield></datafield><datafield ind1=" " ind2=" " tag="580"><subfield code="a">Other daily ed.: Evening North American (Philadelphia, Pa.), &lt;1846&gt;.</subfield></datafield><datafield ind1=" " ind2="0" tag="651"><subfield code="a">Philadelphia (Pa.)</subfield><subfield code="v">Newspapers.</subfield></datafield><datafield ind1=" " ind2="0" tag="651"><subfield code="a">Philadelphia County (Pa.)</subfield><subfield code="v">Newspapers.</subfield></datafield><datafield ind1=" " ind2="7" tag="655"><subfield code="a">Newspapers.</subfield><subfield code="2">fast</subfield><subfield code="0">(OCoLC)fst01423814</subfield></datafield><datafield ind1=" " ind2="7" tag="651"><subfield code="a">Pennsylvania</subfield><subfield code="z">Philadelphia.</subfield><subfield code="2">fast</subfield><subfield code="0">(OCoLC)fst01204170</subfield></datafield><datafield ind1=" " ind2="7" tag="651"><subfield code="a">Pennsylvania</subfield><subfield code="z">Philadelphia County.</subfield><subfield code="2">fast</subfield><subfield code="0">(OCoLC)fst01217128</subfield></datafield><datafield ind1=" " ind2=" " tag="752"><subfield code="a">United States</subfield><subfield code="b">Pennsylvania</subfield><subfield code="c">Philadelphia</subfield><subfield code="d">Philadelphia.</subfield></datafield><datafield ind1="1" ind2=" " tag="775"><subfield code="t">Evening North American (Philadelphia, Pa.)</subfield><subfield code="w">(DLC)sn 87080193</subfield><subfield code="w">(OCoLC)15313293</subfield></datafield><datafield ind1="0" ind2=" " tag="775"><subfield code="t">Weekly North American</subfield><subfield code="w">(DLC)sn 85038465</subfield></datafield><datafield ind1="0" ind2="8" tag="776"><subfield code="i">Online version:</subfield><subfield code="t">North American (Philadelphia, Pa. : 1845 : Online)</subfield><subfield code="w">(OCoLC)664873997</subfield></datafield><datafield ind1="0" ind2="0" tag="780"><subfield code="t">North American and daily advertiser</subfield><subfield code="w">(DLC)sn 85054913</subfield><subfield code="w">(OCoLC)2265175</subfield></datafield><datafield ind1="0" ind2="5" tag="780"><subfield code="t">Philadelphia gazette and commercial intelligencer</subfield><subfield code="w">(DLC)sn 85054925</subfield><subfield code="w">(OCoLC)2266058</subfield></datafield><datafield ind1="0" ind2="7" tag="785"><subfield code="t">United States gazette (Philadelphia, Pa. : 1823 : Daily)</subfield><subfield code="w">(DLC)sn 84026283</subfield><subfield code="w">(OCoLC)10372465</subfield></datafield><datafield ind1="0" ind2="7" tag="785"><subfield code="t">North American and United States gazette (Philadelphia, Pa. : Daily)</subfield><subfield code="w">(DLC)sn 83025947</subfield><subfield code="w">(OCoLC)2265176</subfield></datafield></record>